@book{EnHv1,
author  	= {Stephen Beeby, Neil White},
title  		= {Energy Harvesting for Autonomous Systems},
year    	= {2010},
publisher	= {Artech House},
note		= {ISBN: 978-1-59693-718-5},
}